@article{book1,
  title={Transmission and Distribution Electrical Engineering (Fourth Edition)},
  author={C.R. Bayliss and B.J. Hardy},
  year={2012},
  publisher={Elsevier}
}

@article{execsummary2020,
    title= {Executive summary of Target and Achievement of Substations during 2019-20},
    author={Central-Electricity-Authority},
    year={2020},
    URL={http://cea.nic.in/reports/monthly/transmission/2020/exe\_summary\_ss-03.pdf}
}

@article{basics-of-power-substations,
    title={Basics of Designing Power Substations},
    author={Matt Cole},
    year={2019},
    URL={https://3phaseassociates.com/basics-of-designing-power-substations/}
}

@article{400kVSubstationDesign,
    title={Design Of 400/220/132 KV 1316 MW Power Substation},
    URL={https://electrical-engineering-portal.com/res/res4/Design-Of-400-220-132-KV-1316-MW-Power-Substation.pdf}
}

@article{manualontransmission,
    title={MANUAL ON TRANSMISSION PLANNING CRITERIA},
    author={CENTRAL-ELECTRICITY-AUTHORITY-NEW-DELHI},
    year={2013},
    URL={http://cea.nic.in/reports/others/ps/pspa2/tr\_plg\_criteria\_manual\_jan13.pdf}
}